@misc{stephen2023docker,
    author = {Grinder, Stephen},
    title = {Docker and Kubernetes: The Complete Guide},
    year = 2023,
    note = {Accessed: 2023-06-15},
    howpublished = {\url{https://www.udemy.com/course/docker-and-kubernetes-the-complete-guide/}}
}

@misc{honai2023cicd,
	author = {Honai, John},
	title = {{CI/CD} for Beginners},
	year = 2023,
    note = {Accessed: 2023-10-10},
    howpublished = {\url{https://nlbsg.udemy.com/course/ci-cd-devops/}}
}

@book{gasser1988building,
	title={Building a secure computer system},
	author={Gasser, Morrie},
	year={1988},
	publisher={Citeseer}
}

@misc{githubdocs2024usingactionsexample1,
	author = {GitHub},
	title = {Using scripts to test your code on a runner},
	year = 2024,
	note = {Accessed: 2024-03-18},
	howpublished = {\url{https://docs.github.com/en/actions/examples/using-scripts-to-test-your-code-on-a-runner/}}
}

@misc{mongodb2024aggregation,
	author = {MongoDB},
	title = {Aggregation Stages},
	year = 2024,
	note = {Accessed: 2024-06-26},
    howpublished = {\url{https://www.mongodb.com/docs/manual/reference/operator/aggregation-pipeline/#aggregation-stages}}
}

@misc{mongodb2024aggregationoperators,
	author = {MongoDB},
	title = {Aggregation Operators},
	year = 2024,
	note = {Accessed: 2024-06-26},
	howpublished = {\url{https://www.mongodb.com/docs/manual/reference/operator/aggregation/#aggregation-operators}}
}

@misc{redhat2022find,
	author = {Kenlon, Seth},
	title = {10 ways to use the Linux find command},
	year = 2022,
	note = {Accessed: 2024-07-02},
	howpublished = {\url{https://www.redhat.com/sysadmin/linux-find-command}}
}

@misc{redhat2022kernel,
	author = {Red Hat},
	title = {Red Hat Enterprise Linux 9: Managing, monitoring, and updating the kernel},
	year = 2024,
	note = {Accessed: 2024-07-08},
	howpublished = {\url{https://docs.redhat.com/en-us/documentation/red_hat_enterprise_linux/9/pdf/managing_monitoring_and_updating_the_kernel/Red_Hat_Enterprise_Linux-9-Managing_monitoring_and_updating_the_kernel-en-US.pdf}}
}

@misc{redis2024client,
	author = {Redis},
	title = {Connect with Redis clients},
	year = 2024,
	note = {Accessed: 2024-07-10},
	howpublished = {\url{https://redis.io/docs/latest/develop/connect/clients/}}
}

@misc{redhat2024dnf,
	author = {RPM Software Management},
	title = {DNF, the next-generation replacement for YUM},
	year = 2021,
	note = {Accessed: 2024-07-12},
	howpublished = {\url{https://dnf.readthedocs.io/en/latest/command_ref.html#dnf-command-reference}}
}

@misc{debian2024debianpackagemanagement,
	author = {Debian},
	title = {Basics of the Debian package management system},
	year = 2024,
	note = {Accessed: 2024-07-12},
	howpublished = {\url{https://www.debian.org/doc/manuals/debian-faq/pkg-basics.en.html}}
}

@misc{apache2024projects,
	author = {Apache Software Foundation},
	title = {Projects Directory},
	year = 2024,
	note = {Accessed: 2024-07-17},
	howpublished = {\url{https://projects.apache.org/projects.html}}
}

@misc{docker2024httpd,
	author = {Apache Software Foundation},
	title = {Docker image for httpd},
	year = 2024,
	note = {Accessed: 2024-07-17},
	howpublished = {\url{https://hub.docker.com/_/httpd}}
}
